<record><leader>00000cas a2200000 a 4500</leader><controlfield tag="001">11590326</controlfield><controlfield tag="008">850117d18541946cauwr ne      0    0eng c</controlfield><datafield ind1=" " ind2=" " tag="010"><subfield code="a">sn 85025134 </subfield></datafield><datafield ind1=" " ind2=" " tag="040"><subfield code="a">NPX</subfield><subfield code="b">eng</subfield><subfield code="c">NPX</subfield><subfield code="d">CNK</subfield><subfield code="d">OCL</subfield><subfield code="d">CNK</subfield><subfield code="d">OCLCQ</subfield><subfield code="d">OCLCF</subfield><subfield code="d">OCLCO</subfield></datafield><datafield ind1="1" ind2=" " tag="029"><subfield code="a">AU@</subfield><subfield code="b">000020233348</subfield></datafield><datafield ind1=" " ind2=" " tag="042"><subfield code="a">pcc</subfield></datafield><datafield ind1=" " ind2=" " tag="043"><subfield code="a">n-us-ca</subfield></datafield><datafield ind1="0" ind2=" " tag="130"><subfield code="a">Union Democrat (Sonora, Calif. : 1854)</subfield></datafield><datafield ind1="1" ind2="4" tag="245"><subfield code="a">The union Democrat.</subfield></datafield><datafield ind1=" " ind2=" " tag="260"><subfield code="a">Sonora, Calif. :</subfield><subfield code="b">Albert N. Francisco</subfield></datafield><datafield ind1=" " ind2=" " tag="300"><subfield code="a">v.</subfield></datafield><datafield ind1=" " ind2=" " tag="310"><subfield code="a">Weekly</subfield></datafield><datafield ind1="1" ind2=" " tag="362"><subfield code="a">Began with July 1, 1854 issue.</subfield><subfield code="z">Cf. Gregory, W. Amer. newspapers.</subfield></datafield><datafield ind1="0" ind2=" " tag="362"><subfield code="a">-v. 93, no. 99 (Nov. 21, 1946).</subfield></datafield><datafield ind1=" " ind2=" " tag="500"><subfield code="a">Editors: C. Donovan, &lt;1855&gt;; Albert N. Francisco, Otis Greenwood, &lt;1857&gt;; Albert N. Francisco, N.P. Turner, &lt;1860&gt;; William A. Arthur, &lt;1869&gt;; Edwin H. Clough, &lt;1876&gt;.</subfield></datafield><datafield ind1=" " ind2=" " tag="500"><subfield code="a">Publishers: Albert N. Francisco, 1854-&lt;1860&gt;; W.H. Roberts &amp; E.H. Clough, &lt;1876&gt;.</subfield></datafield><datafield ind1=" " ind2=" " tag="530"><subfield code="a">Master negatives are available for duplication from:</subfield><subfield code="b">California Newspaper Microfilm Archive;</subfield><subfield code="c">positive copies may be purchased by the reel; for further information consult the CNMA at:</subfield><subfield code="u">http://cbsr.ucr.edu</subfield></datafield><datafield ind1=" " ind2=" " tag="588"><subfield code="a">Description based on: Vol. 1, no. 2 (July 8, 1854).</subfield></datafield><datafield ind1=" " ind2="0" tag="651"><subfield code="a">Sonora (Calif.)</subfield><subfield code="v">Newspapers.</subfield></datafield><datafield ind1=" " ind2="7" tag="655"><subfield code="a">Newspapers.</subfield><subfield code="2">fast</subfield><subfield code="0">(OCoLC)fst01423814</subfield></datafield><datafield ind1=" " ind2="7" tag="651"><subfield code="a">California</subfield><subfield code="z">Sonora.</subfield><subfield code="2">fast</subfield><subfield code="0">(OCoLC)fst01215514</subfield></datafield><datafield ind1=" " ind2=" " tag="752"><subfield code="a">United States</subfield><subfield code="b">California</subfield><subfield code="c">Tuolumne</subfield><subfield code="d">Sonora.</subfield></datafield><datafield ind1="0" ind2=" " tag="775"><subfield code="t">Union Democrat (Sonora, Calif. : 1946)</subfield><subfield code="w">(DLC)sn 93052139</subfield></datafield><datafield ind1="0" ind2="4" tag="785"><subfield code="t">Tuolumne independent (Sonora, Calif. : 1946)</subfield><subfield code="w">(DLC)sn 93052030</subfield></datafield></record>